<?xml version="1.0" encoding="UTF-8"?><collection xmlns="http://www.loc.gov/MARC21/slim"><record><leader>00355nam--2200133-i-4500</leader><controlfield tag="001">000001133</controlfield><controlfield tag="002">20161230</controlfield><controlfield tag="005">20161230201024</controlfield><controlfield tag="008">060222s1000------------r-----000-0-eng-d</controlfield><datafield ind1=" " ind2=" " tag="080"><subfield code="a">621.382.3.04</subfield></datafield><datafield ind1=" " ind2=" " tag="100"><subfield code="a">Herbst, L.J</subfield></datafield><datafield ind1=" " ind2=" " tag="245"><subfield code="a">Discrete and integrated semiconductor circuitry</subfield></datafield><datafield ind1=" " ind2=" " tag="260"><subfield code="a">London, Chapman And Hall Ltd., 1969. X + 197 P</subfield></datafield><datafield ind1=" " ind2=" " tag="852"><subfield code="a">33177</subfield></datafield></record></collection>